<?xml version="1.0" encoding="UTF-8"?>
<marc:record xmlns:marc="http://www.loc.gov/MARC21/slim" xmlns:xsi="http://www.w3.org/2001/XMLSchema-instance" xsi:schemaLocation="http://www.loc.gov/standards/marcxml/schema/MARC21slim.xsd">
  <marc:controlfield tag="001">pe30023932</marc:controlfield>
  <marc:controlfield tag="003">DE-633</marc:controlfield>
  <marc:controlfield tag="005">20210325090010.0</marc:controlfield>
  <marc:controlfield tag="008">161109n|||||||a||| a</marc:controlfield>
  <marc:datafield tag="040" ind1=" " ind2=" ">
    <marc:subfield code="a">DE-633</marc:subfield>
  </marc:datafield>
  <marc:datafield tag="042" ind1=" " ind2=" ">
    <marc:subfield code="a">individualized</marc:subfield>
  </marc:datafield>
  <marc:datafield tag="043" ind1=" " ind2=" ">
    <marc:subfield code="c">XA-CZ</marc:subfield>
    <marc:subfield code="c">XA-PL</marc:subfield>
  </marc:datafield>
  <marc:datafield tag="100" ind1="1" ind2=" ">
    <marc:subfield code="a">Malik, Jan</marc:subfield>
    <marc:subfield code="d">1800c-1866</marc:subfield>
    <marc:subfield code="w">x</marc:subfield>
  </marc:datafield>
  <marc:datafield tag="375" ind1=" " ind2=" ">
    <marc:subfield code="a">male</marc:subfield>
  </marc:datafield>
  <marc:datafield tag="550" ind1=" " ind2=" ">
    <marc:subfield code="a">Choral conductor</marc:subfield>
    <marc:subfield code="i">profession</marc:subfield>
  </marc:datafield>
  <marc:datafield tag="550" ind1=" " ind2=" ">
    <marc:subfield code="a">Composer</marc:subfield>
    <marc:subfield code="i">profession</marc:subfield>
  </marc:datafield>
  <marc:datafield tag="550" ind1=" " ind2=" ">
    <marc:subfield code="a">Conductor</marc:subfield>
    <marc:subfield code="i">profession</marc:subfield>
  </marc:datafield>
  <marc:datafield tag="550" ind1=" " ind2=" ">
    <marc:subfield code="a">Music teacher</marc:subfield>
    <marc:subfield code="i">profession</marc:subfield>
  </marc:datafield>
  <marc:datafield tag="550" ind1=" " ind2=" ">
    <marc:subfield code="a">Oboist</marc:subfield>
    <marc:subfield code="i">profession</marc:subfield>
  </marc:datafield>
  <marc:datafield tag="550" ind1=" " ind2=" ">
    <marc:subfield code="a">Composer</marc:subfield>
    <marc:subfield code="i">profession</marc:subfield>
  </marc:datafield>
  <marc:datafield tag="550" ind1=" " ind2=" ">
    <marc:subfield code="a">Performer</marc:subfield>
    <marc:subfield code="i">profession</marc:subfield>
  </marc:datafield>
  <marc:datafield tag="551" ind1="1" ind2=" ">
    <marc:subfield code="a">Kraków</marc:subfield>
    <marc:subfield code="i">wo</marc:subfield>
  </marc:datafield>
  <marc:datafield tag="551" ind1="1" ind2=" ">
    <marc:subfield code="a">Warszawa</marc:subfield>
    <marc:subfield code="i">wo</marc:subfield>
  </marc:datafield>
  <marc:datafield tag="670" ind1=" " ind2=" ">
    <marc:subfield code="a">BłaszczykD</marc:subfield>
    <marc:subfield code="b">Malik, Jan [1800c-1866]</marc:subfield>
    <marc:subfield code="w">3060</marc:subfield>
  </marc:datafield>
  <marc:datafield tag="670" ind1=" " ind2=" ">
    <marc:subfield code="a">DEUMM/b</marc:subfield>
    <marc:subfield code="b">0</marc:subfield>
    <marc:subfield code="w">1577</marc:subfield>
  </marc:datafield>
  <marc:datafield tag="670" ind1=" " ind2=" ">
    <marc:subfield code="a">Grove|6</marc:subfield>
    <marc:subfield code="b">0</marc:subfield>
    <marc:subfield code="w">1258</marc:subfield>
  </marc:datafield>
  <marc:datafield tag="670" ind1=" " ind2=" ">
    <marc:subfield code="a">MGG suppl.</marc:subfield>
    <marc:subfield code="b">0</marc:subfield>
    <marc:subfield code="w">2495</marc:subfield>
  </marc:datafield>
  <marc:datafield tag="670" ind1=" " ind2=" ">
    <marc:subfield code="a">PazdírekS/o</marc:subfield>
    <marc:subfield code="b">Malík, Jan [1802*]</marc:subfield>
    <marc:subfield code="w">2249</marc:subfield>
  </marc:datafield>
  <marc:datafield tag="670" ind1=" " ind2=" ">
    <marc:subfield code="a">RiemannL|1|2/p suppl.</marc:subfield>
    <marc:subfield code="b">0</marc:subfield>
    <marc:subfield code="w">2496</marc:subfield>
  </marc:datafield>
  <marc:datafield tag="670" ind1=" " ind2=" ">
    <marc:subfield code="a">RiemannL|1|2/p</marc:subfield>
    <marc:subfield code="b">0</marc:subfield>
    <marc:subfield code="w">408</marc:subfield>
  </marc:datafield>
  <marc:datafield tag="670" ind1=" " ind2=" ">
    <marc:subfield code="a">SMP</marc:subfield>
    <marc:subfield code="b">Malik, Jan [1866+]</marc:subfield>
    <marc:subfield code="w">1935</marc:subfield>
  </marc:datafield>
  <marc:datafield tag="670" ind1=" " ind2=" ">
    <marc:subfield code="a">ČSHS</marc:subfield>
    <marc:subfield code="b">0</marc:subfield>
    <marc:subfield code="w">1625</marc:subfield>
  </marc:datafield>
</marc:record>
